@misc{tns14,
	author = "TNS Infratest, BVDW, Google",
	title = "Global Connected Consumer Study",
	year = "2014",
	note = "\url{http://www.netzproduzenten.de/wp-content/uploads/2014/08/global-connected-consumer-studie-deutschland.pdf} [Aufgerufen am 14.12.2014]",
	HOWPUBLISHED = "Website"
}

@misc{radware13,
	author = "Radware",
	title = "Radware Mobile Infographic",
	year = "2013",
	note = "\url{http://blog.radware.com/wp-content/uploads/2013/11/Radware_SOTU_Fall_2013_Mobile_Infographic_Final1.jpg} [Aufgerufen am 15.01.2015]",
	HOWPUBLISHED = "Website"
}

@misc{google10,
	author = "Google",
	title = "Using site speed in web search ranking",
	year = "2010",
	howpublished = "\url{http://googlewebmastercentral.blogspot.de/2010/04/using-site-speed-in-web-search-ranking.html} [Aufgerufen am 15.01.2015]",
	HOWPUBLISHED = "Website"
}



