@book{hei14,
	author = "Prof.Dr.Gerrit Heinemann",
	title = "SoLoMo - Always-on im Handel",
	publisher = "Springer Gabler",
	year = "2014",
	isbn = "967-3-658-03968-4",
}

@misc{tns14,
	author = "TNS Infratest, BVDW, Google",
	title = "Global Connected Consumer Study",
	year = "2014",
	note = "\url{http://www.netzproduzenten.de/wp-content/uploads/2014/08/global-connected-consumer-studie-deutschland.pdf} [Aufgerufen am 14.12.2014]",
	HOWPUBLISHED = "Website",
}

@misc{yahoo15,
	author = "Yahoo",
	title = "Best Practices for speeding up your Website",
	year = "2015",
	howpublished = "\url{https://developer.yahoo.com/performance/rules.html} [19.02.2015]",
	HOWPUBLISHED = "Website",
}

@misc{ward14,
	author = "Dave Ward",
	title = "3 reasons why you should let Google host jQuery for you",
	year = "2014",
	howpublished = "\url{http://encosia.com/3-reasons-why-you-should-let-google-host-jquery-for-you/} [Aufgerufen am 19.02.2015]",
	HOWPUBLISHED = "Website",
}	

@techreport{Stenberg15,
	author = "Daniel Stenberg",
	title = "http2 explained",
	year = "2015",
	institution = "Mozilla, IETF HTTPbis working group, http2 standardization",
	note = "\url{http://daniel.haxx.se/http2/http2-v1.10.pdf} [Aufgerufen am 19.02.2015]"
	HOWPUBLISHED = "PDF"
}

@book{Grigorik13,
	author = "Ilya Grigorik",
	title = "High Performance Browser Networking",
	publisher = "O'Reilly Media, Inc.",
	year = "2013",
	isbn = "978-1-449-34474-0",
}


